<collection xmlns="http://www.loc.gov/MARC21/slim">
<record>
  <leader>00867ncm0a22002171i 450 </leader>
  <controlfield tag="001">IT\ICCU\CNCE\046724</controlfield>
  <controlfield tag="005">20000614000000.0</controlfield>
  <datafield tag="100" ind1=" " ind2=" ">
    <subfield code="a">19990204d1566        0itac0103    ba</subfield>
  </datafield>
  <datafield tag="101" ind1=" " ind2=" ">
    <subfield code="a">LAT</subfield>
  </datafield>
  <datafield tag="102" ind1=" " ind2=" ">
    <subfield code="a">IT</subfield>
  </datafield>
  <datafield tag="200" ind1="1" ind2=" ">
    <subfield code="a">Sacrae cantiones (vulgo motecta appellatae) quinque vocum, liber primus</subfield>
  </datafield>
  <datafield tag="210" ind1=" " ind2=" ">
    <subfield code="a">Venezia</subfield>
    <subfield code="c">Antonio Gardane</subfield>
    <subfield code="d">1566</subfield>
  </datafield>
  <datafield tag="300" ind1=" " ind2=" ">
    <subfield code="a">RISM: 5, L 351</subfield>
  </datafield>
  <datafield tag="620" ind1=" " ind2=" ">
    <subfield code="a">IT</subfield>
    <subfield code="d">Venezia</subfield>
  </datafield>
  <datafield tag="700" ind1=" " ind2="1">
    <subfield code="a">Martoretta,</subfield>
    <subfield code="b">Giandomenico</subfield>
    <subfield code="3">IT\ICCU\CNCA\012166</subfield>
  </datafield>
  <datafield tag="712" ind1="0" ind2="0">
    <subfield code="a">Gardane, Antonio</subfield>
    <subfield code="3">IT\ICCU\CNCT\000315</subfield>
    <subfield code="4">650</subfield>
  </datafield>
  <datafield tag="790" ind1=" " ind2="1">
    <subfield code="a">La_Martoretta,</subfield>
    <subfield code="b">Giovanni Domenico</subfield>
    <subfield code="3">IT\ICCU\CNCA\013638</subfield>
    <subfield code="z">Martoretta, Giandomenico</subfield>
  </datafield>
  <datafield tag="790" ind1=" " ind2="1">
    <subfield code="a">Martoretta,</subfield>
    <subfield code="b">Giovanni Domenico</subfield>
    <subfield code="3">IT\ICCU\CNCA\020689</subfield>
    <subfield code="z">Martoretta, Giandomenico</subfield>
  </datafield>
  <datafield tag="791" ind1="0" ind2="0">
    <subfield code="a">Gardano, Antonio</subfield>
    <subfield code="3">IT\ICCU\CNCT\004837</subfield>
    <subfield code="z">Gardane, Antonio</subfield>
  </datafield>
  <datafield tag="791" ind1="0" ind2="0">
    <subfield code="a">Gardanus, Antonius</subfield>
    <subfield code="3">IT\ICCU\CNCT\004839</subfield>
    <subfield code="z">Gardane, Antonio</subfield>
  </datafield>
  <datafield tag="801" ind1=" " ind2="3">
    <subfield code="a">IT</subfield>
    <subfield code="b">ICCU</subfield>
    <subfield code="c">20201115</subfield>
  </datafield>
</record>
</collection>
